@misc{pybind11,
   author = {Wenzel Jakob and Jason Rhinelander and Dean Moldovan},
   year = {2017},
   note = {https://github.com/pybind/pybind11},
   title = {pybind11 -- Seamless operability between C++11 and Python}
}
@article{cadabrahep,
   author  = "Peeters, Kasper",
   title   = "{Introducing Cadabra: a symbolic computer algebra system for field theory problems}",
   eprint  = "hep-th/0701238"
}
@Article{Peeters:2006kp,
     author    = "Peeters, Kasper",
     title     = "A field-theory motivated approach to symbolic computer algebra",
     year      = "2006",
     eprint    = "cs.sc/0608005",
     journal   = "Comp.Phys.Commun.",
     volume    = "176",
     pages     = "550-558"
}
@article{butter2017component,
  title={The component structure of conformal supergravity invariants in six dimensions},
  author={Butter, Daniel and Novak, Joseph and Tartaglino-Mazzucchelli, Gabriele},
  journal={Journal of High Energy Physics},
  volume={2017},
  number={5},
  pages={133},
  year={2017},
  publisher={Springer}
}
@article{malik2009cosmological,
  title={Cosmological perturbations},
  author={Malik, Karim A and Wands, David},
  journal={Physics Reports},
  volume={475},
  number={1-4},
  pages={1--51},
  year={2009},
  publisher={Elsevier}
}
@article{buchel2008universal,
  title={Universal holographic hydrodynamics at finite coupling},
  author={Buchel, Alex and Myers, Robert C and Paulos, Miguel F and Sinha, Aninda},
  journal={Physics Letters B},
  volume={669},
  number={5},
  pages={364--370},
  year={2008},
  publisher={Elsevier}
}
@article{durkee2010generalization,
  title={Generalization of the Geroch--Held--Penrose formalism to higher dimensions},
  author={Durkee, Mark and Pravda, Vojt{\v{e}}ch and Pravdov{\'a}, Alena and Reall, Harvey S},
  journal={Classical and Quantum Gravity},
  volume={27},
  number={21},
  pages={215010},
  year={2010},
  publisher={IOP Publishing}
}
@article{koile2015hadron,
  title={Hadron structure functions at small x from string theory},
  author={Koile, Ezequiel and Kovensky, Nicolas and Schvellinger, Martin},
  journal={Journal of High Energy Physics},
  volume={2015},
  number={5},
  pages={1},
  year={2015},
  publisher={Springer}
}
@article{geissbuhler2011double,
  title={Double field theory and $$\backslash$mathcal $\{$N$\}$=$\{$4$\}$ $ gauged supergravity},
  author={Geissb{\"u}hler, David},
  journal={Journal of High Energy Physics},
  volume={2011},
  number={11},
  pages={116},
  year={2011},
  publisher={Springer}
}
@article{christensen2014boundary,
  title={Boundary stress-energy tensor and Newton-Cartan geometry in Lifshitz holography},
  author={Christensen, Morten H and Hartong, Jelle and Obers, Niels A and Rollier, Blaise},
  journal={Journal of High Energy Physics},
  volume={2014},
  number={1},
  pages={57},
  year={2014},
  publisher={Springer}
}
