@article{kas_cdb_hep,
   author  = "Peeters, Kasper",
   title   = "{Introducing Cadabra: a symbolic computer algebra system for field theory problems}",
   eprint  = "hep-th/0701238",
   year    = "2007"
}
@Article{Peeters:2003pv,
     author    = "Peeters, Kasper and Westerberg, Anders",
     title     = "{The Ramond-Ramond sector of string theory beyond leading order}",
     journal   = "Class. Quant. Grav.",
     volume    = "21",
     year      = "2004",
     pages     = "1643-1666",
     eprint    = "hep-th/0307298",
     SLACcitation  = "%%CITATION = HEP-TH 0307298;%%"
}
@Article{Peeters:2000qj,
   author    = "Kasper Peeters and Pierre Vanhove and Anders Westerberg",
   title     = "Supersymmetric higher-derivative actions in ten and eleven
                dimensions,  the associated superalgebras and their
                formulation in superspace",
   journal   = "Class. Quant. Grav",
   volume    = "18",
   year      = "2001",
   pages     = "843-889",
   eprint    = "hep-th/0010167",
   SLACcitation  = "%%CITATION = HEP-TH 0010167;%%"
}
@article{Peeters:2018dyg,
    author = "Peeters, Kasper",
    title = "{Cadabra2: computer algebra for field theory revisited}",
    doi = "10.21105/joss.01118",
    journal = "J. Open Source Softw.",
    volume = "3",
    number = "32",
    pages = "1118",
    year = "2018"
}
