@article{cadabra_hep,
  author    = "Peeters, Kasper",
  title     = "{Introducing Cadabra: a symbolic computer algebra system for field theory problems}",
  year      = "2007",
  eprint    = "hep-th/0701238"
}
@article{cadabra_cpc,
  author    = "Peeters, Kasper",
  title     = "A field-theory motivated approach to symbolic computer algebra",
  year      = "2006",
  journal   = "Comp.Phys.Commun.",
  volume    = "176",
  pages     = "550-558",
  eprint    = "cs.sc/0608005",
  doi       = "10.1016/j.cpc.2007.01.003"
}
@article{cadabra_zenodo,
  title     = "Cadabra: a field-theory motivated approach to computer algebra",
  publisher = "Zenodo",
  author    = "Kasper Peeters",
  year      = "2018",
  doi       = "10.5281/zenodo.1842262"
}
@misc{pybind11,
  author    = "Wenzel Jakob and Jason Rhinelander and Dean Moldovan",
  year      = "2017",
  note      = "https://github.com/pybind/pybind11",
  title     = "{pybind11} -- {Seamless} operability between {C++11} and {Python}"
}
@article{butter,
  title     = {The component structure of conformal supergravity invariants in six dimensions},
  author    = {Butter, Daniel and Novak, Joseph and Tartaglino-Mazzucchelli, Gabriele},
  journal   = {Journal of High Energy Physics},
  volume    = {2017},
  number    = {5},
  pages     = {133},
  year      = {2017},
  publisher = {Springer},
  eprint    = {arXiv:1701.08163},
  doi       = {10.1007/JHEP05(2017)133}
}
@article{malik,
  title     = {Cosmological perturbations},
  author    = {Malik, Karim A and Wands, David},
  journal   = {Physics Reports},
  volume    = {475},
  number    = {1-4},
  pages     = {1--51},
  year      = {2009},
  publisher = {Elsevier},
  eprint    = {arXiv:0809.4944},
  doi       = {10.1016/j.physrep.2009.03.001}
}
@article{buchel,
  title     = {Universal holographic hydrodynamics at finite coupling},
  author    = {Buchel, Alex and Myers, Robert C and Paulos, Miguel F and Sinha, Aninda},
  journal   = {Physics Letters B},
  volume    = {669},
  number    = {5},
  pages     = {364--370},
  year      = {2008},
  publisher = {Elsevier},
  eprint    = {arXiv:0808.1837},
  doi       = {10.1016/j.physletb.2008.10.003}
}
@article{durkee,
  title     = {Generalization of the {Geroch-Held-Penrose} formalism to higher dimensions},
  author    = {Durkee, Mark and Pravda, Vojt{\v{e}}ch and Pravdov{\'a}, Alena and Reall, Harvey S},
  journal   = {Classical and Quantum Gravity},
  volume    = {27},
  number    = {21},
  pages     = {215010},
  year      = {2010},
  publisher = {IOP Publishing},
  eprint    = {arXiv:1002.4826},
  doi       = {10.1088/0264-9381/27/21/215010}
}
@article{koile,
  title     = {Hadron structure functions at small {$x$} from string theory},
  author    = {Koile, Ezequiel and Kovensky, Nicolas and Schvellinger, Martin},
  journal   = {Journal of High Energy Physics},
  volume    = {2015},
  number    = {5},
  pages     = {1},
  year      = {2015},
  publisher = {Springer},
  eprint    = {arXiv:1412.6509},
  doi       = {10.1007/JHEP05(2015)001}
}
@article{geissbuhler,
  title     = {Double field theory and {$N=4$} gauged supergravity},
  author    = {Geissb{\"u}hler, David},
  journal   = {Journal of High Energy Physics},
  volume    = {2011},
  number    = {11},
  pages     = {116},
  year      = {2011},
  publisher = {Springer},
  eprint    = {arXiv:1109.4280},
  doi       = {10.1007/JHEP11(2011)116}
}
@article{christensen,
  title     = {Boundary stress-energy tensor and {Newton-Cartan} geometry in {Lifshitz} holography},
  author    = {Christensen, Morten H and Hartong, Jelle and Obers, Niels A and Rollier, Blaise},
  journal   = {Journal of High Energy Physics},
  volume    = {2014},
  number    = {1},
  pages     = {57},
  year      = {2014},
  publisher = {Springer},
  eprint    = {arXiv:1311.6471},
  doi       = {10.1007/JHEP01(2014)057}
}
@article{sympy,
  title     = {{SymPy}: symbolic computing in {Python}},
  author    = {Meurer, Aaron et al.},
  year      = 2017,
  month     = jan,
  volume    = 3,
  pages     = {e103},
  journal   = {PeerJ Computer Science},
  issn      = {2376-5992},
  doi       = {10.7717/peerj-cs.103}
}
@misc{mathematica,
  author    = "{Wolfram Research Inc.}",
  title     = "Mathematica",
  year      = "2018",
  note      = "Champaign, IL"
}
